<?xml version="1.0" encoding="UTF-8"?><collection xmlns="http://www.loc.gov/MARC21/slim"><record><leader>00516nam--2200181-i-4500</leader><controlfield tag="001">000017344</controlfield><controlfield tag="002">20161230</controlfield><controlfield tag="005">20170125170430</controlfield><controlfield tag="008">060222s1000------------r-----000-0-eng-d</controlfield><datafield ind1=" " ind2=" " tag="080"><subfield code="a">621.039.5(061.3)</subfield></datafield><datafield ind1=" " ind2=" " tag="245"><subfield code="a">International conference on nuclear data for science and technology</subfield></datafield><datafield ind1=" " ind2=" " tag="260"><subfield code="a">Bologna</subfield><subfield code="b">Italian Physical Society</subfield><subfield code="c">1997</subfield></datafield><datafield ind1=" " ind2=" " tag="300"><subfield code="a">XVI + 767 p</subfield></datafield><datafield ind1=" " ind2=" " tag="490"><subfield code="a">Conference Proceedings</subfield></datafield><datafield ind1=" " ind2=" " tag="653"><subfield code="a">Nuclear, Fission Reactors</subfield></datafield><datafield ind1=" " ind2=" " tag="700"><subfield code="a">Reffo, G</subfield></datafield><datafield ind1=" " ind2=" " tag="852"><subfield code="a">80866</subfield></datafield><datafield ind1=" " ind2=" " tag="CAT"><subfield code="a">SYS</subfield><subfield code="c">20170125</subfield><subfield code="h">170430</subfield></datafield></record></collection>